<?xml version="1.0" encoding="UTF-8"?><collection xmlns="http://www.loc.gov/MARC21/slim"><record><leader>00433nam--2200169-u-4500</leader><controlfield tag="001">000052159</controlfield><controlfield tag="002">20161230</controlfield><controlfield tag="005">20161230201049</controlfield><controlfield tag="008">091028s1000------------r-----000-0-eng-d</controlfield><datafield ind1=" " ind2=" " tag="040"><subfield code="a">IFIN-HH</subfield></datafield><datafield ind1=" " ind2=" " tag="080"><subfield code="a">621.7</subfield></datafield><datafield ind1="1" ind2=" " tag="100"><subfield code="a">Basov, M.I./S.A.</subfield></datafield><datafield ind1="1" ind2=" " tag="245"><subfield code="a">Rezhushchie Instrumenty s mnogolezvinymi Vstavkami is Tverdogo Splava</subfield></datafield><datafield ind1=" " ind2=" " tag="260"><subfield code="a">Moskva</subfield><subfield code="b">Mshgiz</subfield><subfield code="c">1952</subfield></datafield><datafield ind1=" " ind2=" " tag="300"><subfield code="a">108 p</subfield></datafield><datafield ind1=" " ind2=" " tag="852"><subfield code="a">26573</subfield></datafield><datafield ind1=" " ind2=" " tag="CAT"><subfield code="a">Sys</subfield><subfield code="c">20091028</subfield><subfield code="h">055013</subfield></datafield></record></collection>